<?xml version="1.0" encoding="UTF-8"?><collection xmlns="http://www.loc.gov/MARC21/slim"><record><leader>00425nam--2200157-i-4500</leader><controlfield tag="001">000005153</controlfield><controlfield tag="002">20161230</controlfield><controlfield tag="005">20170304195752</controlfield><controlfield tag="008">060222s1000------------r-----000-0-eng-d</controlfield><datafield ind1=" " ind2=" " tag="100"><subfield code="a">Deutsch, Sid</subfield></datafield><datafield ind1=" " ind2=" " tag="245"><subfield code="a">Radioactivity of iron meteorites by the photografic method</subfield></datafield><datafield ind1=" " ind2=" " tag="260"><subfield code="a">London</subfield><subfield code="b">Fisher, Knight &amp; Co</subfield><subfield code="c">1956</subfield></datafield><datafield ind1=" " ind2=" " tag="300"><subfield code="a">2 p. Fotocop</subfield></datafield><datafield ind1=" " ind2=" " tag="490"><subfield code="a">Nature</subfield></datafield><datafield ind1=" " ind2=" " tag="700"><subfield code="a">Picciotto, E. E</subfield></datafield><datafield ind1=" " ind2=" " tag="CAT"><subfield code="a">SYS</subfield><subfield code="c">20170304</subfield><subfield code="h">195752</subfield></datafield></record></collection>